<record><leader>00000cas a22000007a 4500</leader><controlfield tag="001">11331319</controlfield><controlfield tag="008">841031d188u189ugauwr ne      0    0eng d</controlfield><datafield ind1=" " ind2=" " tag="010"><subfield code="a">sn 84024807 </subfield></datafield><datafield ind1=" " ind2=" " tag="040"><subfield code="a">NPV</subfield><subfield code="b">eng</subfield><subfield code="c">NPV</subfield><subfield code="d">NLG</subfield><subfield code="d">GUA</subfield><subfield code="d">OCLCQ</subfield><subfield code="d">OCLCF</subfield><subfield code="d">OCLCO</subfield><subfield code="d">OCLCA</subfield></datafield><datafield ind1="1" ind2=" " tag="029"><subfield code="a">AU@</subfield><subfield code="b">000025833935</subfield></datafield><datafield ind1=" " ind2=" " tag="042"><subfield code="a">msc</subfield></datafield><datafield ind1=" " ind2=" " tag="043"><subfield code="a">n-us-ga</subfield></datafield><datafield ind1="0" ind2="4" tag="245"><subfield code="a">The Weekly Columbus enquirer-sun.</subfield></datafield><datafield ind1="1" ind2="7" tag="246"><subfield code="a">Weekly enquirer-sun</subfield></datafield><datafield ind1="1" ind2="7" tag="246"><subfield code="a">Enquirer-sun</subfield></datafield><datafield ind1="1" ind2="3" tag="246"><subfield code="a">Columbus enquirer-sun</subfield></datafield><datafield ind1=" " ind2=" " tag="260"><subfield code="a">Columbus, Ga. :</subfield><subfield code="b">Enquirer-Sun Pub. Co.</subfield></datafield><datafield ind1=" " ind2=" " tag="300"><subfield code="a">v. :</subfield><subfield code="b">ill. (chiefly adv.)</subfield></datafield><datafield ind1=" " ind2=" " tag="310"><subfield code="a">Weekly</subfield></datafield><datafield ind1=" " ind2=" " tag="580"><subfield code="a">Published concurrently with: Columbus enquirer-sun (Columbus, Ga. ; 1886), &lt;1889&gt;-1893; and with: Columbus daily enquirer-sun (Columbus, Ga. : 1893), 1893-&lt;1894&gt;.</subfield></datafield><datafield ind1=" " ind2=" " tag="588"><subfield code="a">Description based on: Vol. 41, no. 1 (Jan. 1, 1889).</subfield></datafield><datafield ind1=" " ind2="0" tag="651"><subfield code="a">Columbus (Ga.)</subfield><subfield code="v">Newspapers.</subfield></datafield><datafield ind1=" " ind2="0" tag="651"><subfield code="a">Muscogee County (Ga.)</subfield><subfield code="v">Newspapers.</subfield></datafield><datafield ind1=" " ind2="7" tag="655"><subfield code="a">Newspapers.</subfield><subfield code="2">fast</subfield><subfield code="0">(OCoLC)fst01423814</subfield></datafield><datafield ind1=" " ind2="7" tag="651"><subfield code="a">Georgia</subfield><subfield code="z">Columbus.</subfield><subfield code="2">fast</subfield><subfield code="0">(OCoLC)fst01214575</subfield></datafield><datafield ind1=" " ind2="7" tag="651"><subfield code="a">Georgia</subfield><subfield code="z">Muscogee County.</subfield><subfield code="2">fast</subfield><subfield code="0">(OCoLC)fst01216552</subfield></datafield><datafield ind1=" " ind2=" " tag="752"><subfield code="a">United States</subfield><subfield code="b">Georgia</subfield><subfield code="c">Muscogee</subfield><subfield code="d">Columbus.</subfield></datafield><datafield ind1="1" ind2=" " tag="775"><subfield code="t">Columbus enquirer-sun (Columbus, Ga. : 1886)</subfield><subfield code="w">(DLC)sn 84024799</subfield><subfield code="w">(OCoLC)11294836</subfield></datafield><datafield ind1="1" ind2=" " tag="775"><subfield code="t">Columbus daily enquirer-sun (Columbus, Ga. : 1893)</subfield><subfield code="w">(DLC)sn 84024800</subfield><subfield code="w">(OCoLC)11333405</subfield></datafield><datafield ind1="0" ind2="0" tag="780"><subfield code="t">Columbus weekly enquirer (Columbus, Ga. : 1887)</subfield><subfield code="w">(DLC)sn 84024806</subfield><subfield code="w">(OCoLC)11331313</subfield></datafield></record>